<?xml version="1.0" encoding="UTF-8"?>
<!-- Generated by Mobilefish.com SEPA XML message generator (v1.1):  http://www.mobilefish.com/go/sepa_xml -->
<Document xmlns:xsi="http://www.w3.org/2001/XMLSchema-instance" xmlns="urn:iso:std:iso:20022:tech:xsd:pain.001.001.03">
<CstmrCdtTrfInitn>
    <GrpHdr>
        <MsgId>MFISH-20131021195239-diZ9RC9</MsgId>
        <CreDtTm>2013-10-21T19:52:39</CreDtTm>
        <NbOfTxs>5</NbOfTxs>
        <CtrlSum>2721.41</CtrlSum>
        <InitgPty>
            <Nm>Mobilefish.com</Nm>
        </InitgPty>
    </GrpHdr>
    <PmtInf>
        <PmtInfId>MFISH-20131021195239-diZ9RC9-1</PmtInfId>
        <PmtMtd>TRF</PmtMtd>
        <NbOfTxs>5</NbOfTxs>
        <CtrlSum>2721.41</CtrlSum>
        <PmtTpInf>
            <SvcLvl>
                <Cd>SEPA</Cd>
            </SvcLvl>
        </PmtTpInf>
        <ReqdExctnDt>2013-10-21</ReqdExctnDt>
        <Dbtr>
            <Nm>Mobilefish.com</Nm>
            <PstlAdr>
                <Ctry>NL</Ctry>
            </PstlAdr>
        </Dbtr>
        <DbtrAcct>
            <Id>
                <IBAN>NL71RABO0300300301</IBAN>
            </Id>
        </DbtrAcct>
        <DbtrAgt>
            <FinInstnId>
                <BIC>RABONL2U</BIC>
            </FinInstnId>
        </DbtrAgt>
        <ChrgBr>SLEV</ChrgBr>
        <CdtTrfTxInf>
            <PmtId>
                <EndToEndId>MFISH-20131021195239-diZ9RC9-1-0001</EndToEndId>
            </PmtId>
            <Amt>
                <InstdAmt Ccy="EUR">5.00</InstdAmt>
            </Amt>
            <CdtrAgt>
                <FinInstnId>
                    <BIC>INGBNL2A</BIC>
                </FinInstnId>
            </CdtrAgt>
            <Cdtr>
                <Nm>Greenpeace</Nm>
                <PstlAdr>
                    <Ctry>NL</Ctry>
                    <AdrLine>Jollemanhof 15-17</AdrLine>
                    <AdrLine>1019 GW Amsterdam</AdrLine>
                </PstlAdr>
            </Cdtr>
            <CdtrAcct>
                <Id>
                    <IBAN>NL31INGB0000000044</IBAN>
                </Id>
            </CdtrAcct>
            <RmtInf>
                <Ustrd>Donation Greenpeace</Ustrd>
            </RmtInf>
        </CdtTrfTxInf>
        <CdtTrfTxInf>
            <PmtId>
                <EndToEndId>MFISH-20131021195239-diZ9RC9-1-0002</EndToEndId>
            </PmtId>
            <Amt>
                <InstdAmt Ccy="EUR">135.20</InstdAmt>
            </Amt>
            <CdtrAgt>
                <FinInstnId>
                    <BIC>ABNANL2A</BIC>
                </FinInstnId>
            </CdtrAgt>
            <Cdtr>
                <Nm>Bakkerij Top</Nm>
                <PstlAdr>
                    <Ctry>NL</Ctry>
                    <AdrLine>Zuiddijk 17</AdrLine>
                    <AdrLine>1501 CA Zaandam</AdrLine>
                </PstlAdr>
            </Cdtr>
            <CdtrAcct>
                <Id>
                    <IBAN>NL91ABNA0417164300</IBAN>
                </Id>
            </CdtrAcct>
            <RmtInf>
                <Ustrd>Jubilee Klaasen</Ustrd>
            </RmtInf>
        </CdtTrfTxInf>
        <CdtTrfTxInf>
            <PmtId>
                <EndToEndId>MFISH-20131021195239-diZ9RC9-1-0003</EndToEndId>
            </PmtId>
            <Amt>
                <InstdAmt Ccy="EUR">10.00</InstdAmt>
            </Amt>
            <CdtrAgt>
                <FinInstnId>
                    <BIC>INGBNL2A</BIC>
                </FinInstnId>
            </CdtrAgt>
            <Cdtr>
                <Nm>Het Zadeltje</Nm>
                <PstlAdr>
                    <Ctry>NL</Ctry>
                    <AdrLine>Nieuwe Uilenburgerstraat 114</AdrLine>
                    <AdrLine>1011 LX Amsterdam</AdrLine>
                </PstlAdr>
            </Cdtr>
            <CdtrAcct>
                <Id>
                    <IBAN>NL92INGB0000230000</IBAN>
                </Id>
            </CdtrAcct>
            <RmtInf>
                <Ustrd>Bicycle repair</Ustrd>
            </RmtInf>
        </CdtTrfTxInf>
        <CdtTrfTxInf>
            <PmtId>
                <EndToEndId>MFISH-20131021195239-diZ9RC9-1-0004</EndToEndId>
            </PmtId>
            <Amt>
                <InstdAmt Ccy="EUR">225.54</InstdAmt>
            </Amt>
            <CdtrAgt>
                <FinInstnId>
                    <BIC>INGBNL2A</BIC>
                </FinInstnId>
            </CdtrAgt>
            <Cdtr>
                <Nm>Essent</Nm>
                <PstlAdr>
                    <Ctry>NL</Ctry>
                    <AdrLine>Papendorpseweg 91</AdrLine>
                    <AdrLine>3528 BJ Utrecht</AdrLine>
                </PstlAdr>
            </Cdtr>
            <CdtrAcct>
                <Id>
                    <IBAN>NL19INGB0002000400</IBAN>
                </Id>
            </CdtrAcct>
            <RmtInf>
                <Ustrd>1111222233334444 Gas may</Ustrd>
            </RmtInf>
        </CdtTrfTxInf>
        <CdtTrfTxInf>
            <PmtId>
                <EndToEndId>MFISH-20131021195239-diZ9RC9-1-0005</EndToEndId>
            </PmtId>
            <Amt>
                <InstdAmt Ccy="EUR">2345.67</InstdAmt>
            </Amt>
            <CdtrAgt>
                <FinInstnId>
                    <BIC>RABONL2U</BIC>
                </FinInstnId>
            </CdtrAgt>
            <Cdtr>
                <Nm>T. Klaasen</Nm>
                <PstlAdr>
                    <Ctry>NL</Ctry>
                    <AdrLine>Zandzuigerstraat 53</AdrLine>
                    <AdrLine>1333 MV Almere</AdrLine>
                </PstlAdr>
            </Cdtr>
            <CdtrAcct>
                <Id>
                    <IBAN>NL57RABO0115592474</IBAN>
                </Id>
            </CdtrAcct>
            <RmtInf>
                <Ustrd>Salary payment may</Ustrd>
            </RmtInf>
        </CdtTrfTxInf>
    </PmtInf>
</CstmrCdtTrfInitn>
</Document>
